% 				Bibliography - Vorlage für Elektrotechnik
%                         2023 HTL Weiz
%-----------------------------------------------------------------------------
% Dieses .bib-File kann zur Erstellung eines Literaturverzeichnisses, sowie
% für Querverweise wie Zittierungen innerhalbt einer Dokumentation genutzt 
% werden. 
%-----------------------------------------------------------------------------

%******************************************************************************
%================================ B Ü C H E R =================================
%******************************************************************************

%============================== D E I M E L 1 =================================

@book{Deimel1,
	author = {Franz Deimel und Andreas Hasenzagl},
	title = {{G}rundlagen der {E}lektrotechnik 1},
	publisher = {Veritas},
	year = {2013}
}

%============================== D E I M E L 2 =================================

@book{Deimel2,
	author = {Franz Deimel und Andreas Hasenzagl},
	title = {{G}rundlagen der {E}lektrotechnik 2},
	publisher = {Veritas},
	year = {2014}
}

%============================== L I N D N E R 1 ===============================

@book{Lindner1,
	title={Elektro-Aufgaben 1: Gleichstrom},
	author={Lindner, Helmut},
	year={2017},
	publisher={Carl Hanser Verlag GmbH Co KG}
}

%============================== L I N D N E R 2 ===============================

@book{Lindner2,
	title={Elektro-Aufgaben 2: Wechselstrom},
	author={Lindner, Helmut},
	year={2019},
	publisher={Carl Hanser Verlag GmbH Co KG}
}

%======================= B L I T Z S C H U T Z B U C H ========================

@book{Blitzschutzbuch,
	title={Elektroinstallation, Blitzschutz, Lichttechnik},
	author={Seyr, Sigurd and R{\"o}sch, G{\"u}nther},
	year={2006},
	publisher={Jugend \& Volk}
}

%******************************************************************************
%============================== S K R I P T E N ===============================
%******************************************************************************

%=================== E L E K T R I S C H E  A N L A G E N =====================

@misc{ES1_3AHET,
	author = {Michael Nast},
	title = {Elektrische Anlagen},
	publisher = {Abteilung Elektrotechnik/Informationstechnik, HTL~Weiz},
	year = {2016}
}

%======================= E N E R G I E S Y S T E M E ==========================

@misc{ES1_4AHET,
	author = {Michael Nast},
	title = {Energiesysteme},
	publisher = {Abteilung Elektrotechnik/Informationstechnik, HTL~Weiz},
	year = {2016}
}


